@misc{abdonrd,
  title   = {abdonrd/github-labels: A list of GitHub labels for reuse across projects},
  url     = {https://github.com/abdonrd/github-labels},
  journal = {GitHub},
  author  = {abdonrd},
  year    = {2018},
  month   = {Apr}
}

@misc{sueldo_junior,
  title   = {Sueldo Junior España},
  url     = {https://www.glassdoor.es/Sueldos/junior-sueldo-SRCH_KO0,6.htm},
  journal = {Glassdoor},
  journal = {Glassdoor},
  author  = {Glassdoor},
  year    = {2022}
}

@misc{irpf,
  title   = {Calculadora de IRPF},
  url     = {https://cincodias.elpais.com/herramientas/calculadora-irpf/},
  journal = {EL PAÍS},
  author  = {Ediciones El País},
  year    = {2022},
  month   = {Jul}
}

‌@misc{licenses,
  title   = {Licenses List},
  url     = {https://opensource.org/licenses/alphabetical},
  journal = {Opensource.org},
  author  = {Opensource.org},
  year    = {2014}
}

‌@misc{jla,
  title   = {JLA: JoinUp License Assistant},
  url     = {https://joinup.ec.europa.eu/collection/eupl/solution/joinup-licensing-assistant/jla-find-and-compare-software-licenses},
  author  = {Joinup},
  journal = {Joinup},
  year    = {2020}
}

‌@inproceedings{li2020word,
  title     = {Word-level Deep Sign Language Recognition from Video: A New Large-scale Dataset and Methods Comparison},
  author    = {Li, Dongxu and Rodriguez, Cristian and Yu, Xin and Li, Hongdong},
  booktitle = {The IEEE Winter Conference on Applications of Computer Vision},
  pages     = {1459--1469},
  year      = {2020}
}

@misc{formdata,
  title   = {Formdata Documentation - MDN},
  url     = {https://developer.mozilla.org/en-US/docs/Web/API/FormData},
  journal = {Mozilla.org},
  author  = {Mozilla.org},
  year    = {2022},
  month   = {Jun}
}

‌@misc{insomnia,
  title   = {Insomnia Download Page},
  url     = {https://insomnia.rest/download},
  journal = {Insomnia.rest},
  year    = {2022}
}

‌@misc{astro,
  title   = {Astro Official Docs},
  url     = {https://docs.astro.build/en/getting-started/},
  journal = {Astro Documentation},
  author  = {Astro},
  year    = {2022}
}

@misc{svelte,
  title   = {Svelte Documentation Official Page},
  url     = {https://svelte.dev/docs},
  journal = {Svelte.dev},
  author  = {Svelte},
  year    = {2019}
}

‌

‌