@book{alpaydin2021machine,
  title     = {Machine learning},
  author    = {Alpaydin, Ethem},
  year      = {2021},
  publisher = {MIT Press}
}


@article{do2008expectation,
  title     = {What is the expectation maximization algorithm?},
  author    = {Do, Chuong B and Batzoglou, Serafim},
  journal   = {Nature biotechnology},
  volume    = {26},
  number    = {8},
  pages     = {897--899},
  year      = {2008},
  publisher = {Nature Publishing Group}
}

@book{mitchell1997machine,
  title     = {Machine learning},
  author    = {Mitchell, Tom M and Mitchell, Tom M},
  number    = {9},
  year      = {1997},
  publisher = {McGraw-hill New York}
}

@inproceedings{panjaitan2019implementation,
  title        = {Implementation of apriori algorithm for analysis of consumer purchase patterns},
  author       = {Panjaitan, Suprianto and Amin, Muhammad and Lindawati, Sri and Watrianthos, Ronal and Sihotang, Hengki Tamando and Sinaga, Bosker and others},
  booktitle    = {Journal of Physics: Conference Series},
  volume       = {1255},
  number       = {1},
  pages        = {012057},
  year         = {2019},
  organization = {IOP Publishing}
}

@misc{PYTORCH,
  title  = {Pytorch Developers Guideline and Design Philosophy},
  url    = {https://pytorch.org/docs/master/community/design.html},
  year   = {2022},
  author = {Pytorch main Mantainer}
}

@article{sinaga2020unsupervised,
  title     = {Unsupervised K-means clustering algorithm},
  author    = {Sinaga, Kristina P and Yang, Miin-Shen},
  journal   = {IEEE access},
  volume    = {8},
  pages     = {80716--80727},
  year      = {2020},
  publisher = {IEEE}
}

@inproceedings{yuan2017improved,
  title        = {An improved Apriori algorithm for mining association rules},
  author       = {Yuan, Xiuli},
  booktitle    = {AIP conference proceedings},
  volume       = {1820},
  number       = {1},
  pages        = {080005},
  year         = {2017},
  organization = {AIP Publishing LLC}
}

@article{sorzano2014survey,
  title   = {A survey of dimensionality reduction techniques},
  author  = {Sorzano, Carlos Oscar S{\'a}nchez and Vargas, Javier and Montano, A Pascual},
  journal = {arXiv preprint arXiv:1403.2877},
  year    = {2014}
}

@article{ghodsi2006dimensionality,
  title   = {Dimensionality reduction a short tutorial},
  author  = {Ghodsi, Ali},
  journal = {Department of Statistics and Actuarial Science, Univ. of Waterloo, Ontario, Canada},
  volume  = {37},
  number  = {38},
  pages   = {2006},
  year    = {2006}
}

@article{zhu2009introduction,
  title     = {Introduction to semi-supervised learning},
  author    = {Zhu, Xiaojin and Goldberg, Andrew B},
  journal   = {Synthesis lectures on artificial intelligence and machine learning},
  volume    = {3},
  number    = {1},
  pages     = {1--130},
  year      = {2009},
  publisher = {Morgan \& Claypool Publishers}
}

@article{van2020survey,
  title     = {A survey on semi-supervised learning},
  author    = {Van Engelen, Jesper E and Hoos, Holger H},
  journal   = {Machine Learning},
  volume    = {109},
  number    = {2},
  pages     = {373--440},
  year      = {2020},
  publisher = {Springer}
}

@article{song2022graph,
  title     = {Graph-based semi-supervised learning: A comprehensive review},
  author    = {Song, Zixing and Yang, Xiangli and Xu, Zenglin and King, Irwin},
  journal   = {IEEE Transactions on Neural Networks and Learning Systems},
  year      = {2022},
  publisher = {IEEE}
}